@misc{aws_2023_amazon,
  author = {{Amazon Web Services}},
  title = {Amazon web services (AWS) - cloud computing services},
  url = {https://aws.amazon.com/},
  year = {2023},
  organization = {Amazon Web Services, Inc.}
}

@misc{microsoft_2023_cloud,
  author = {{Microsoft Azure}},
  title = {Cloud computing services | microsoft azure},
  url = {https://azure.microsoft.com/en-us},
  year = {2023},
  organization = {azure.microsoft.com}
}

@misc{a2023_message,
  month = {06},
  author = {{Message passing in distributed system}},
  title = {{Message passing in distributed system}},
  url = {https://www.geeksforgeeks.org/message-passing-in-distributed-system/},
  year = {2023},
  organization = {GeeksforGeeks}
}

@article{fowler_2023_special,
  author = {Fowler, Simon and Attard, Duncan Paul and Sowul, Franciszek and Gay, Simon J and Trinder, Phil},
  month = {08},
  pages = {78-107},
  title = {Special delivery: Programming with mailbox types},
  doi = {10.1145/3607832},
  url = {https://simonjf.com/writing/pat.pdf},
  urldate = {2024-02},
  volume = {7},
  year = {2023},
  journal = {Proceedings of the ACM on Programming Languages}
}

@article{fowler_mixing,
  author = {Fowler, Simon and Lindley, Sam and Wadler, Philip},
  title = {Mixing metaphors: Actors as channels and channels as actors},
  doi = {10.4230/LIPIcs.ECOOP.2017.90},
  url = {https://simonjf.com/writing/acca.pdf},
  urldate = {2024-02},
  journal = {}
}

@article{deaposliguoro_2018_mailbox,
  author = {De’Liguoro, Ugo and Padovani, Luca},
  title = {Mailbox types for unordered interactions},
  doi = {10.4230/LIPIcs.ECOOP.2018.15},
  url = {https://drops.dagstuhl.de/storage/00lipics/lipics-vol109-ecoop2018/LIPIcs.ECOOP.2018.15/LIPIcs.ECOOP.2018.15.pdf},
  urldate = {2024-02},
  year = {2018},
  journal = {}
}

@article{kim_2018_design,
  author = {Kim, Youngsik and Kim, Ki-Nam},
  month = {08},
  pages = {69-82},
  title = {Design and Evaluation of a MMO Game Server},
  doi = {10.1007/978-3-319-96806-3_6},
  urldate = {2024-02-09},
  volume = {787},
  year = {2018},
  journal = {Studies in computational intelligence}
}

@article{sutter_2005_software,
  author = {Sutter, Herb and Larus, James},
  month = {09},
  pages = {54-62},
  title = {Software and the Concurrency Revolution},
  doi = {10.1145/1095408.1095421},
  volume = {3},
  year = {2005},
  journal = {Queue}
}

@misc{glenday_guinness,
  author = {{World of Warcraft}},
  title = {Guinness World Records 2009},
  year = {2019},
  url = {https://wowpedia.fandom.com/wiki/World_of_Warcraft},
}

@misc{wikipediacontributors_2019_pokmon,
  author = {{Pokemon GO}},
  month = {09},
  publisher = {Wikimedia Foundation},
  title = {Pokémon Go},
  url = {https://en.wikipedia.org/wiki/Pok%C3%A9mon_GO},
  year = {2019},
  organization = {Wikipedia}
}

@article{ford_1976_hardware,
  author = {Ford, W. S. and Hamacher, V. C.},
  month = {01},
  pages = {113-118},
  title = {Hardware support for inter-process communication and processor sharing},
  doi = {10.1145/633617.803559},
  urldate = {2023-05-08},
  volume = {4},
  year = {1976},
  journal = {ACM SIGARCH Computer Architecture News}
}

@book{felleisen_1986_control,
  author = {Felleisen, Matthias and Friedman, Daniel P.},
  publisher = {Indiana University, Lindley Hall 101, Bloomington, IN 47405, USA},
  title = {Control Operators, the SECD Machine, and the λ-Calculus},
  url = {https://legacy.cs.indiana.edu/ftp/techreports/TR197.pdf},
  year = {1986}
}

@article{hillerstrm_2016_liberating,
  author = {Hillerström, Daniel and Lindley, Sam},
  month = {09},
  title = {Liberating effects with rows and handlers},
  doi = {10.1145/2976022.2976033},
  urldate = {2023-04-26},
  year = {2016},
  journal = {Proceedings of the 1st International Workshop on Type-Driven Development}
}

@misc{a2015_the,
  month = {05},
  author = {Lambda Calculus},
  title = {The Lambda Calculus for Absolute Dummies (like myself)},
  url = {http://bach.ai/lambda-calculus-for-absolute-dummies/},
  year = {2015},
  organization = {Joscha Bach}
}

@article{reinking_2021_perceus,
  author = {Reinking, Alex and Xie, Ningning and Leonardo de Moura and Daan Leijen},
  month = {06},
  title = {Perceus: garbage free reference counting with reuse},
  doi = {10.1145/3453483.3454032},
  urldate = {2024-03-01},
  year = {2021},
  journal = {}
}

@article{imam_2014_savina,
  author = {Imam, Shams and Sarkar, Vivek},
  month = {10},
  title = {Savina - An Actor Benchmark Suite},
  doi = {10.1145/2687357.2687368},
  urldate = {2023-08-25},
  year = {2014},
  journal = {}
}

@misc{_2024_ocamlmulticoreeio,
  author = {EIO},
  title = {ocaml-multicore/eio},
  url = {https://github.com/ocaml-multicore/eio},
  organization = {GitHub}
}

@article{chaudhuri_2009_a,
  author = {Chaudhuri, Avik},
  month = {08},
  title = {A concurrent ML library in concurrent Haskell},
  doi = {10.1145/1596550.1596589},
  urldate = {2024-03-02},
  year = {2009},
  journal = {}
}

@article{he_2014_typecasting,
  author = {He, Jiansen and Wadler, Philip and Trinder, Philip},
  month = {07},
  title = {Typecasting actors},
  doi = {10.1145/2637647.2637651},
  urldate = {2024-03-02},
  year = {2014},
  journal = {}
}

@misc{hu_sessionbased,
  author = {Hu, Raymond and Yoshida, Nobuko and Honda, Kohei},
  title = {Session-Based Distributed Programming in Java},
  url = {http://mrg.doc.ic.ac.uk/publications/session-based-distributed-programming-in-java/hyh08session-based.pdf},
  urldate = {2024-03-02}
}

@article{agha_1985_actors,
  author = {Agha, Gul Abdulnabi},
  month = {06},
  title = {ACTORS: A Model of Concurrent Computation in Distributed Systems},
  url = {http://hdl.handle.net/1721.1/6952},
  urldate = {2024-03-02},
  year = {1985},
  journal = {dspace.mit.edu}
}

@misc{hewitt_a,
  author = {Hewitt, Carl and Bishop, Peter and Steiger, Richard},
  title = {A Universal Modular ACTOR Formalism for Artificial Intelligence},
  url = {https://www.ijcai.org/Proceedings/73/Papers/027B.pdf},
  urldate = {2022-02-26}
}

@article{ancona_2016_behavioral,
  author = {Ancona, Davide and Bono, Viviana and Bravetti, Mario and Campos, Joana and Castagna, Giuseppe and Deniélou, Pierre-Malo and Gay, Simon J. and Gesbert, Nils and Giachino, Elena and Hu, Raymond and Johnsen, Einar Broch and Martins, Francisco and Mascardi, Viviana and Montesi, Fabrizio and Neykova, Rumyana and Bono, Nicholas Ng and Padovani, Luca and Vasconcelos, Vasco T. and Yoshida, Nobuko},
  pages = {95-230},
  title = {Behavioral Types in Programming Languages},
  doi = {10.1561/2500000031},
  url = {http://di.fc.ul.pt/~vv/papers/ancona.bono.etal_behav-types-prog-langs.pdf},
  urldate = {2023-02-02},
  volume = {3},
  year = {2016},
  journal = {Foundations and Trends® in Programming Languages}
}

@book{gay_2017_behavioural,
  author = {Gay, Simon and António Ravara},
  publisher = {River Publishers},
  title = {Behavioural types : from theory to tools},
  year = {2017}
}